4784 5917
1302 709 1442 785 sive
1495 704 1581 780 de
1632 699 1979 777 Artibns“.
2076 700 2251 774 Rem
2307 697 2671 792 rusticam,
2737 725 2776 775 a
2819 726 2961 801 qua
3006 697 3274 774 initium
3322 699 3540 804 cepit,
3601 703 3904 805 quinque
3951 702 4149 784 libris

1302 834 1653 937 amplexus
1688 847 1820 920 est,
1860 827 2270 904 medicinam
2309 856 2492 932 vero,
2537 828 2722 904 solos
2768 828 2973 904 nobis
3015 855 3097 905 ex
3139 827 3372 906 multis
3414 830 3632 934 iisque
3675 805 4153 910 eruditissimis

1303 964 1565 1065 ingenii
1615 990 1694 1037 ac
1752 956 2135 1057 vigiliarum
2197 958 2468 1056 egregie
2529 958 3028 1036 elaboratamm
3068 959 3528 1034 monumentis
3581 959 3919 1062 reliquos,
3977 979 4156 1054 octo,

1304 1097 1402 1170 ita
1465 1111 1543 1169 ut
1600 1086 1873 1188 singula
1930 1104 2191 1162 tantum
2262 1087 2348 1162 de
2407 1088 2493 1162 iis
2553 1089 2640 1162 ab
2710 1087 2864 1164 aliis
2925 1086 3379 1189 scriptoribus
3437 1088 3642 1166 nobis
3708 1087 3941 1165 relicta
4002 1091 4159 1168 sint.

1304 1224 1395 1296 Et
1427 1222 1487 1295 si
1530 1218 1860 1305 videmus,
1909 1234 2167 1317 quanto
2213 1217 2435 1292 nitore
2478 1235 2679 1320 atque
2728 1215 2937 1307 cultu,
2984 1233 3239 1319 quanta
3284 1217 3624 1296 industria
3659 1235 3860 1320 atque
3884 1217 4160 1298 solertia

1306 1348 1543 1450 scripti
1592 1362 1755 1420 sunt
1826 1344 1938 1419 isti
1984 1345 2072 1421 de
2142 1374 2217 1421 re
2266 1346 2533 1422 medica
2601 1345 2798 1435 libri,
2865 1346 2925 1420 si
2987 1343 3399 1446 perlegimus
3448 1346 4038 1426 CONSTANTINI
4074 1351 4161 1446 ¹),

1305 1483 1638 1553 Louml
1670 1475 1741 1570 2)
1805 1474 2184 1550 HEURNH
2223 1477 2288 1574 ⁵)
2372 1477 2748 1553 WEBERI
2784 1476 2852 1574 4)
2912 1473 3340 1578 aliorumque
3402 1476 3707 1554 virorum
3767 1474 3855 1549 de
3908 1476 4160 1556 CELSI

1305 1606 1635 1681 latinitate
1727 1600 1986 1701 judicia
2071 1601 2446 1704 laudesque
2468 1658 2490 1696 ,
2596 1629 2799 1703 quem
2888 1622 3183 1680 vestrum
3267 1607 3616 1684 CELSUM:
3701 1632 3846 1680 non
3936 1603 4159 1682 solum

1307 1851 1443 1913 sine
1502 1846 1675 1910 cultu
1735 1863 1806 1905 ac
1868 1841 2130 1906 nitore.“
2228 1837 2546 1919 ch‘rln.
2588 1839 2665 1904 de
2708 1840 2907 1907 Instit.
2950 1851 3108 1908 orat.
3161 1839 3310 1905 Lib.
3331 1839 3420 1905 X.
3463 1835 3619 1923 Cap.
3642 1839 3695 1905 1.
3732 1861 3798 1924 p.
3827 1845 3974 1905 920.
4014 1839 4165 1906 edit.

1307 1956 1497 2019 Para.
1539 1949 1859 2011 Bonum.
3423 1931 3434 1936 ⁵

1482 2051 1550 2138 1)
1609 2048 1777 2126 “Qui
1814 2046 2131 2112 Medicina
2170 2047 2239 2111 in
2282 2048 2723 2133 compendium
2768 2049 3065 2112 contulit:
3128 2044 3257 2123 Qui
3295 2045 3383 2108 ita
3429 2044 3746 2129 castigate,
3799 2052 4059 2132 proprie
4104 2063 4165 2113 et

1311 2162 1623 2241 eleganter
1671 2155 1955 2239 loquitur
2008 2150 2290 2235 (versum
2343 2154 2514 2216 enim
2568 2151 2815 2218 dicendi
2866 2172 3063 2234 genus
3120 2164 3184 2216 et
3239 2154 3558 2217 astrictum
3613 2163 3863 2216 secutus
3905 2163 4037 2231 est,
4093 2152 4165 2215 in

1308 2287 1442 2352 quo
1481 2283 1699 2327 rerum
1741 2257 2121 2323 sententiosa
2172 2257 2444 2338 gravitas
2482 2260 2948 2342 verborumque
3002 2268 3148 2340 apta
3191 2266 3254 2319 et
3295 2276 3667 2336 numerosa,
3731 2267 3794 2320 et
3837 2257 4018 2340 quasi
4055 2276 4165 2321 ro·

1311 2368 1513 2436 tunda
1565 2359 1975 2447 constructio)
2036 2373 2106 2426 ut
2160 2382 2291 2425 non
2343 2363 2537 2428 modo
2594 2386 2634 2428 a
2679 2363 2943 2427 Medicis
2997 2374 3262 2446 propter
3321 2362 3474 2424 artis
3530 2362 3883 2442 scientiam,
3943 2384 4168 2430 verum

1314 2476 1501 2539 etiam
1545 2472 1625 2533 ab
1660 2468 1952 2532 omnibus
1994 2465 2393 2550 eloquentiae
2438 2465 2781 2531 candidatis
2821 2478 3084 2550 propter
3124 2463 3441 2529 scribendi
3481 2480 3872 2533 venustatem
3903 2469 4168 2536 lectitari

1312 2575 1689 2646 mereatur.“
1751 2573 1831 2637 R.
1860 2570 2277 2634 conss-urm
2320 2571 2587 2653 Epistol.
2625 2569 2708 2634 ad
2747 2571 2843 2635 Jo.
2871 2569 3190 2654 Capellam
3205 2616 3224 2649 ,
3269 2571 3338 2635 in
3381 2569 3578 2651 ejusd.
3621 2572 3880 2642 edition.
3920 2570 4172 2644 Aurelii

1312 2686 1513 2750 Corn.
1552 2678 1722 2743 Celsi
1766 2674 1844 2740 de
1882 2694 1956 2737 re
1996 2671 2239 2738 medica
2287 2676 2432 2738 libr.
2476 2688 2637 2743 octo.
2698 2675 2993 2760 Lugdun.
3042 2682 3229 2740 1566.
3268 2684 3331 2742 8.

1482 2789 1554 2875 2)
1610 2788 1866 2874 “Opus‚
1930 2806 2032 2850 me
2086 2787 2295 2849 hercle
2353 2785 2642 2873 dignum,
2711 2789 2885 2874 quod
2937 2791 3018 2853 ab
3079 2789 3372 2855 omnibus
3414 2809 3547 2853 non
3594 2786 3719 2869 legi
3766 2783 3995 2868 modo,
4057 2785 4169 2852 sed

1312 2902 1499 2966 etiam
1543 2894 1734 2962 edisci
1784 2901 2112 2977 oporteat,
2175 2911 2289 2956 seu
2342 2897 2884 2978 opulentissimum
2940 2917 3155 2960 rerum
3212 2893 3596 2960 medicarum
3639 2891 4169 2977 promptuarium,

1315 3027 1400 3070 ex
1448 3002 1763 3087 ipsissimo
1822 3009 2041 3061 natum
2104 3009 2360 3080 pectore
2420 2999 2747 3082 Celsiano,
2822 3001 3246 3087 membrisque
3306 3000 3663 3064 absolutum
3721 3000 4044 3076 omnibus,
4108 3011 4172 3063 et

1316 3110 1554 3192 optima
1616 3107 1960 3171 cohaerens
1987 3099 2335 3166 'doctrinae
2390 3104 2555 3169 via.“
2637 3106 2857 3171 Jonoc.
2896 3106 3220 3184 Lommn,
3286 3104 3707 3169 Commentar.
3759 3103 3838 3167 de
3894 3102 4170 3168 Sanitate

1314 3210 1585 3290 tuenda,
1656 3211 1725 3273 in
1780 3208 2055 3291 primum
2098 3207 2209 3274 lib.
2248 3207 2328 3274 de
2367 3231 2443 3274 re
2484 3208 2726 3275 medica
2764 3213 2981 3276 Aurel.
3020 3208 3306 3275 Cornelii
3354 3206 3540 3272 Celsi.
3599 3206 3937 3274 Amstelod.
3984 3213 4169 3274 1761.

1316 3326 1384 3381 8.
1439 3314 1713 3380 Praefat.
3577 3337 3586 3346 *
4085 3303 4099 3316 “

1485 3419 1559 3500 3)
1619 3414 1731 3480 “si
1775 3414 1854 3480 de
1895 3414 2153 3481 medicis
2196 3414 2338 3499 quis
2386 3413 2697 3501 quaerat?
2756 3418 2979 3482 unicus
3006 3416 3228 3482 Celsus
3267 3414 3525 3480 medicis
3564 3414 3807 3478 Latinis
3849 3415 4171 3496 praefera-

1317 3537 1455 3587 tur:
1510 3520 1625 3605 qui
1677 3523 2001 3603 pomoeria
2041 3495 2363 3585 Romanae
2408 3520 2802 3603 eloquentiae
2863 3524 2989 3597 jam
3032 3542 3167 3587 sese
3209 3522 3447 3586 cunctis
3492 3516 3862 3584 cultioribus
3903 3518 4170 3598 ingeniis

1195 3623 1203 3640 ⁸
1324 3625 1548 3689 merito
1594 3622 2004 3687 commendet.
2085 3621 2290 3702 Quam
2334 3643 2551 3707 presse
2595 3624 2705 3686 ubi
2749 3624 2926 3687 lubet
2964 3625 3069 3689 ille
3105 3620 3537 3709 progreditur!
3588 3642 3777 3706 quam
3822 3623 4171 3688 luculenter

1322 3751 1540 3796 causas
1564 3779 1571 3784 -
1595 3732 1965 3794 morborum
2016 3726 2296 3793 enarrat!
2361 3740 2526 3792 certe
2568 3749 2705 3792 rem
2745 3729 2930 3811 plane
2977 3726 3414 3790 admirandum
3459 3725 3795 3810 praestitit,
3864 3741 3936 3790 ut
3973 3749 4169 3813 quum

1322 3846 1497 3898 muta
1538 3835 1692 3897 haec
1734 3844 1879 3896 nata
1928 3854 2027 3896 ars
2066 3833 2181 3914 sit,
2236 3833 2621 3918 minimeque
2663 3833 3061 3918 eloquentiae
3103 3852 3338 3915 capax,
3397 3832 3451 3893 is
3496 3842 3704 3893 tamen
3747 3846 3920 3896 tanto
3963 3837 4172 3918 splen·

1325 3939 1481 4004 dora
1525 3960 1661 4003 eam
1703 3939 2066 4018 exornavit,
2129 3951 2201 4002 ut
2251 3961 2382 4004 non
2438 3940 2688 4005 aliunde
2744 3939 3038 4005 libentius
3092 3937 3485 4020 eloquentiae
3545 3934 3819 4001 medicae
3862 3938 4166 4001 rationem

1324 4044 1689 4111 mutueris.“
1772 4041 2121 4121 Hamus,
2160 4041 2425 4125 Epistol.
2466 4045 2546 4108 ad
2587 4045 2673 4108 D.
2700 4043 2994 4108 Balduin.
3031 4043 3417 4122 Ronsseum,
3461 4044 3528 4106 in
3574 4042 3872 4107 Bauium.
3909 4044 4170 4108 Roassn

1328 4151 1590 4216 edition.
1631 4150 1871 4215 Aurelii
1909 4146 2192 4211 Cornelii
2235 4146 2402 4211 Celsi
2443 4149 2521 4213 de
2561 4170 2633 4212 re
2668 4146 2909 4212 medica
2946 4149 3092 4211 libr.
3119 4158 3283 4211 octo.
3325 4144 3839 4228 Lugd.Batavor.
3884 4150 4070 4209 1592.
4110 4152 4170 4211 4.

1499 4259 1572 4346 4)
1629 4262 1915 4343 “Dignus
1953 4260 2144 4341 igitur
2184 4258 2411 4324 Cusus
2453 4272 2572 4336 est,
2617 4255 2804 4343 quem
2851 4262 3046 4341 legas,
3087 4269 3346 4343 propter
3385 4258 3702 4321 doctrinae
3746 4257 4015 4344 cultum5
4059 4257 4170 4322 sed

1331 4366 1515 4430 etiam
1547 4364 1813 4447 dignior,
1845 4387 2032 4451 quem
2067 4386 2393 4449 nunquam
2436 4386 2471 4464 e
2510 4365 2798 4430 manibus
2837 4363 3134 4448 deponas,
3180 4378 3436 4449 propter
3477 4359 3814 4440 elegantiae
3843 4361 4171 4429 nitorem.“

1330 4468 1483 4534 Auo.
1528 4469 1801 4534 Anum.
1838 4472 2120 4551 wan,
2182 4468 2513 4554 specimen
2570 4490 2773 4535 novae
2826 4468 3117 4537 editionis
3167 4469 3312 4536 Auli
3363 4465 3642 4531 Cornelii
3683 4464 3868 4532 Celsi.
3973 4469 4169 4533 Halae

1340 4579 1519 4638 1788.
1564 4577 1625 4638 4.
1662 4594 1727 4656 p.
1753 4579 1816 4638 6.
