4784 5917
2667 515 2772 592 12

1301 737 1380 784 ac
1430 708 2019 808 generosissimam
2084 703 2430 783 scribendi
2502 705 2870 797 rationem,
2932 733 3011 782 ex
3067 706 3201 786 hoc
3258 708 3580 807 cognosci
3625 724 3891 810 potest,
3951 708 4146 810 quod

1301 837 1669 938 scriptores
1735 837 2009 913 serioris
2077 835 2402 937 temporis
2472 833 2750 933 vestig-ia
2818 835 2968 935 ejus
3031 836 3106 910 in
3165 836 3437 939 scriptis
3507 864 3778 940 semper
3824 837 4146 939 persequi

1303 982 1369 1038 et
1415 965 1722 1042 animum
1788 980 2215 1066 mentemque
2280 962 2371 1037 ad
2419 962 2565 1063 ejus
2635 960 3014 1065 exemplum
3082 964 3513 1040 conformare
3561 964 3963 1057 studebant,
4027 967 4145 1056 ita,

1304 1111 1381 1167 ut
1431 1094 1503 1168 in
1554 1112 1696 1168 arte
1745 1091 2132 1169 obstetricia
2183 1092 2759 1167 studiosissimum
2828 1092 3329 1168 observatorem
3379 1093 4146 1196 excellentissimumque

1306 1224 1709 1324 scriptorem
1759 1221 2154 1298 recentioris
2186 1221 2512 1322 temporis
2550 1222 2898 1297 CELSUM
2951 1227 3148 1299 inter
3202 1223 3670 1320 enthryulcos
3717 1223 4146 1298 nominatum

1286 1352 1656 1446 ‘videamus
1696 1354 1781 1451 1).
1878 1350 2103 1425 Etiam
2154 1350 2504 1425 laudanda
2556 1368 2780 1425 essent
2829 1353 3035 1426 verba
3080 1350 3269 1453 apud
3325 1353 3912 1441 Huxnuamu,
3975 1376 4151 1451 quae

1308 1483 1399 1556 ita
1445 1480 1803 1581 leguntur:
1852 1479 2214 1555 “Census
2264 1480 2415 1578 jure
2457 1477 2833 1580 appellatus
2870 1497 2973 1553 est
3005 1483 3586 1554 HIPPocRA'rES
3618 1484 3932 1570 latinus,
3981 1507 4154 1580 quo-

1306 1609 1495 1684 niam
1546 1638 1687 1684 non
1734 1608 1963 1683 minus
2008 1606 2368 1682 innumera
2407 1606 2559 1684 loca
2610 1636 2691 1682 ex
2735 1607 2971 1686 divino
3023 1633 3184 1681 sene
3229 1607 3304 1679 in
3355 1633 3482 1680 sua
3527 1606 3870 1682 transtulit
3920 1633 4152 1709 opera,

1312 1767 1516 1840 quam
1571 1736 1759 1839 quod
1808 1736 2177 1835 generatim
2213 1736 2358 1836 ejus
2401 1735 2796 1810 methodum
2852 1753 2919 1811 et
2971 1736 3380 1811 medicinam
3432 1752 3533 1809 est
3581 1753 3872 1811 secutus.
3976 1735 4146 1836 Ejus

1310 1866 1520 1941 latina
1587 1865 1805 1939 oratio
1865 1882 1966 1938 est
2028 1863 2565 1962 elegantissima,
2635 1865 2782 1965 ejus
2849 1865 3192 1942 medicina
3253 1880 3319 1937 et
3369 1862 3717 1962 chirurgia
3766 1863 4024 1940 mirum
4072 1863 4149 1938 in

1312 1996 1594 2072 modum
1627 1995 1807 2096 justa
1827 1996 1954 2094 2)“.
2003 1993 2332 2069 conseras
2358 1994 2558 2069 etiam
2590 1995 2795 2068 verba
2826 1995 3014 2095 apud
3050 2017 3230 2070 VAN
3253 2016 3425 2067 nnn
3447 1993 3821 2084 Lmnmw
3865 1992 4151 2067 “Sermo

1313 2142 1452 2199 toto
1501 2125 1575 2198 in
1628 2149 1833 2226 opere
1883 2120 2163 2224 plenuS‚
2236 2151 2489 2225 purus,
2553 2141 2919 2214 venustus,
2983 2141 3241 2213 castus,
3314 2138 3417 2212 et,
3464 2120 3655 2222 quod
3699 2121 4150 2223 praecipuum

1311 2272 1445 2344 est,
1521 2249 2008 2328 accommodus
2072 2252 2171 2325 rei
2237 2252 2646 2344 tradendae;
2725 2253 2895 2327 adeo
2947 2269 3026 2327 ut
3090 2252 3165 2327 in
3215 2250 3556 2325 medicina
3619 2251 3898 2353 quidem
3949 2277 4150 2327 nemo

1311 2382 1413 2456 uti
1456 2380 1736 2456 meliore
1782 2378 2132 2456 scribendi
2164 2380 2493 2480 magistro
2543 2399 2748 2483 queat
2777 2383 2906 2475 5)“.
3005 2381 3148 2455 Nec
3198 2378 3427 2454 minus
3476 2377 3573 2467 id,
3610 2380 3802 2480 quod
3843 2405 4155 2480 pronun-

1240 2589 1260 2608 „
1314 2510 1448 2585 ciat
1517 2509 1835 2586 CLAUD.
1885 2512 2372 2586 memutrs
2445 2509 2533 2588 de
2603 2510 2856 2584 CELSI
2937 2507 3305 2601 latinitate,
3396 2507 3585 2582 hisce
3655 2508 3882 2584 verbis
3947 2535 4153 2585 usus:

1309 2639 1836 2715 “CORNELIUS
1874 2641 1962 2711 de
1991 2634 2319 2712 latinitate
2352 2656 2453 2714 est
2484 2656 2622 2713 tam
2652 2638 2826 2713 bene
2862 2638 3170 2728 meritus,
3208 2654 3287 2712 ut
3327 2636 3506 2711 inter
3532 2636 3812 2712 Latinos
3844 2637 4154 2714 videatur

1311 2768 1412 2862 is,
1464 2766 1583 2868 qni
1622 2765 1802 2840 inter
1831 2764 2135 2843 Graecos
2176 2769 2844 2845 ,Ttmol’mtAs’rUs
2886 2766 3059 2843 fuiv‘
3085 2784 3208 2860 etp.
3231 2770 3332 2861 ⁴’):
3374 2767 3478 2843 Ne
3510 2765 3760 2842 multa:
3809 2767 4156 2844 CELSUM

1311 2895 1540 2997 ipsum
1606 2895 1887 2969 morbos
1958 2894 2176 2971 oculis
2247 2897 2708 2998 perspexisse,
2790 2896 3086 3000 indeque
3167 2923 3617 2998 permagnum
3702 2895 4152 2997 experientiae

1309 3023 1708 3099 thesaurum
1771 3021 1907 3097 sibi
1985 3050 2455 3125 comparasse,
2534 3025 2689 3127 quis
2751 3027 3000 3126 neget?
3095 3025 3201 3103 Ex
3262 3027 3616 3116 omnibus,
3682 3052 3854 3127 quas
3920 3023 4149 3100 adhuc

1308 3155 1619 3233 invenire
1668 3165 1972 3256 poterat,
2019 3151 2444 3228 medicorum
2492 3153 2874 3256 disciplinis
2924 3154 3313 3231 firmissima
3365 3173 3432 3231 et
3479 3154 3837 3230 utilissima
3880 3151 4150 3252 collegit

1312 3282 1734 3372 acutissime,
1806 3280 2203 3357 brevissime
2270 3298 2336 3355 et
2396 3283 2874 3358 nervosissime
2897 3341 2919 3375 ,
2990 3285 3401 3388 egregioque
3469 3283 3626 3359 stilo
3692 3282 4015 3371 tradidit,
4077 3299 4150 3356 et

1312 3546 1716 3640 conjunctas
1767 3538 2059 3616 docebat
2089 3540 2171 3640 5).
2214 3527 2225 3532 ⁵
2270 3541 2634 3617 Prooemio
2705 3542 2896 3619 brevi
2970 3543 3251 3649 quidem
3319 3542 3446 3619 sed
3504 3540 3854 3617 uberrimo
3923 3557 3990 3615 et
4037 3539 4148 3614 in-

1318 3831 1327 3840 ‘
1442 3829 1505 3915 t)
1562 3831 1681 3896 Fa.
1724 3830 1798 3896 C.
1837 3831 2164 3915 Nauae,
2231 3836 2415 3900 Uaha-
2465 3838 2576 3900 den
2625 3838 3049 3901 Mediam'snms
3102 3838 3213 3901 der
3250 3838 3464 3903 θώων-ι
3517 3843 3576 3901 in
3623 3835 3894 3900 Mxkel’s
3938 3834 4148 3898 Archi»

1291 3934 1403 4018 fiir
1438 3939 1681 4024 Playsiol.
1739 3939 1855 4002 Bd.
1882 3939 1953 3999 V.
1992 3936 2138 4020 Hefl
2164 3940 2224 4003 4.
2266 3943 2333 4004 S.
2352 3944 2507 4005 525.
4113 3939 4120 3946 ’

1481 4046 1556 4134 2)
1610 4050 1933 4130 numu,
1976 4047 2056 4111 de
2098 4051 2400 4118 febribus.
2440 4054 2714 4118 Praesat.
2754 4073 2821 4136 p.
2855 4062 2892 4119 7
2932 4064 2995 4117 et
3029 4059 3093 4116 8.

1481 4165 1552 4240 3)
1606 4162 1684 4225 Δ.
1725 4161 1919 4226 Corn.
1960 4160 2126 4226 Celsi
2180 4161 2261 4226 de
2314 4161 2634 4230 Medicina
2687 4164 2833 4229 libr.
2878 4176 3020 4228 octo
3035 4210 3057 4243 ,
3116 4184 3200 4227 ex
3237 4163 3663 4245 recognitione
3716 4164 3860 4226 Jon.
3901 4162 4143 4226 Ana-01.
4261 4251 4270 4260 .

1307 4286 1433 4331 vu
1459 4287 1585 4329 nn
1609 4266 1874 4330 Lumen.
1908 4265 2202 4348 Lugdun.
2238 4268 2533 4335 Batavor.
2578 4274 2768 4334 1665.
2815 4276 2916 4335 12.
2955 4268 3227 4333 Praefat.
3265 4266 3347 4332 ad
3393 4269 3643 4332 Lector.

1473 4375 1542 4464 4)
1591 4378 1827 4446 enon.
1840 4379 2234 4458 thnnme,
2271 4380 2342 4443 in
2380 4392 2669 4449 auctores
2711 4403 2875 4468 pene
2914 4402 3150 4464 omnes,
3190 4380 3484 4466 antiquos
3523 4376 3915 4462 potissimum
3930 4418 3952 4455 ‚
3995 4396 4142 4439 cen·

1303 4481 1421 4545 sio.
1460 4479 1754 4562 Lugdun.
1802 4488 1991 4548 1586.
2029 4486 2141 4550 fol.
2180 4507 2247 4568 p.
2269 4487 2416 4551 144.

1472 4590 1544 4680 5)
1596 4592 2023 4662 “Graecorum
2060 4611 2245 4665 antea
2287 4595 2565 4680 nemini,
2602 4596 2777 4684 quod
2817 4598 3041 4680 sciam,
3084 4597 3149 4665 id
3191 4592 3396 4661 laudis
3437 4591 3684 4670 datum,
3724 4589 3899 4677 quod
3941 4602 4139 4656 artem
