4784 5917
2659 535 2773 612 214

1297 749 1687 864 protinus
1755 747 2133 828 habitum
2193 743 2382 856 ejus
2441 742 2744 825 sentit:
2827 771 3023 824 nam
3096 753 3242 826 aut
3307 745 3397 827 in
3469 756 3765 857 caput,
3843 755 3990 829 aut
4060 746 4152 829 in

1299 889 1562 1006 pedes
1622 913 2123 972 conversum
2184 896 2359 992 est3
2436 893 2582 968 aut
2637 894 3207 994 transversum
3256 885 3540 999 jaeet3
3632 886 3815 970 fere
3869 897 4156 972 tamen

1302 1034 1480 1140 sic,
1543 1039 1638 1112 ut
1693 1026 1827 1110 vel
1885 1055 2183 1109 manus
2244 1025 2484 1138 ejus,
2543 1026 2681 1110 vel
2737 1057 2890 1141 pes
2947 1029 3038 1109 in
3095 1030 3576 1143 propinquo
3636 1030 3751 1111 sit
3787 1029 3917 1139 12).

1536 1167 1867 1254 Medici
1935 1196 2140 1250 vero
2215 1170 2747 1279 propositum
2824 1179 2996 1277 est,
3081 1180 3176 1252 ut
3250 1199 3440 1254 eum
3515 1201 3769 1255 manu
3847 1170 4159 1284 dirigat

1302 1314 1439 1399 vel
1494 1314 1587 1396 in
1644 1320 1945 1423 eaput,
2021 1307 2157 1392 vet
2217 1308 2470 1420 etiam
2538 1310 2629 1392 in
2686 1309 2993 1426 pedeS,
3067 1311 3149 1393 si
3206 1311 3431 1396 forte
3503 1312 3753 1396 aliter
3809 1341 4156 1425 compo-

1306 1457 1521 1540 situs
1581 1464 1742 1536 eet.
1865 1448 2053 1558 Ac,
2127 1450 2204 1532 si
2260 1451 2476 1534 nihil
2535 1452 2767 1536 aliud
2825 1463 3003 1560 est,
3080 1483 3379 1552 manus
3436 1453 3572 1538 vel
3644 1484 3798 1568 pes
3856 1483 4154 1567 appre-
4217 1490 4240 1508 ·

1306 1599 1671 1702 heusus,
1733 1622 2045 1707 eorpus
2105 1594 2422 1676 rectius
2481 1592 2804 1676 reddite
2873 1624 3068 1677 nam
3123 1626 3421 1678 manus
3476 1599 3569 1680 in
3629 1606 3927 1709 caput:
4003 1624 4158 1709 pes

1307 1742 1398 1827 in
1436 1737 1715 1853 pedes
1767 1765 1960 1819 eum
2007 1736 2427 1819 convertit
2464 1734 2594 1849 1ὅ).
2719 1736 2974 1844 Tum,
3037 1736 3114 1819 si
3163 1746 3419 1850 caput
3465 1740 3946 1850 proximum
3990 1748 4155 1846 est,

1310 1983 1646 2086 portionis
1719 1980 2088 2079 vaginalis,
2175 1999 2242 2055 et
2320 1980 2658 2056 labiorum
2730 1985 3068 2085 majorum
3147 1987 3667 2089 minorumque,
3748 1982 3856 2059 vel
3929 1984 4153 2060 foetus

1311 2139 1595 2215 pressu,
1653 2108 1759 2186 vel
1821 2109 2325 2188 contundendis
2393 2128 2595 2212 atque
2646 2111 3116 2187 extendendis
3150 2115 3226 2188 in
3283 2134 3486 2217 partu
3551 2114 3866 2215 partibus
3917 2131 4160 2204 ortam,

1315 2242 1407 2318 ad
1454 2268 1661 2344 quam
1713 2240 1934 2341 ipsam
1983 2239 2273 2314 maxime
2325 2239 2590 2314 confert
2638 2239 2748 2330 id,
2824 2240 2883 2314 si
2930 2258 3136 2342 caput
3180 2242 3255 2316 in
3303 2241 3482 2343 p'elvi
3524 2241 3630 2316 vel
3682 2241 3804 2315 diu
3855 2271 4157 2318 commo-

1316 2391 1539 2460 ratur,
1599 2370 1701 2444 vel
1760 2370 1959 2445 cunei
2020 2369 2240 2446 simile
2272 2368 2639 2467 -adigitur,
2713 2386 2792 2442 ut
2856 2369 3058 2444 etiam
3107 2370 3373 2471 inepta,
3431 2369 3639 2464 ,rudis
3693 2387 3894 2472 atque
3947 2400 4162 2473 quum

1315 2502 1387 2575 in
1431 2498 1874 2601 explorando,
1923 2516 2063 2573 tum
2107 2498 2180 2571 in
2224 2497 2636 2572 adhibendis
2685 2499 3005 2572 manibus
3042 2500 3589 2574 instrumentisve
3637 2499 4045 2576 obstetriciis
4098 2519 4166 2577 et

1319 2629 1684 2734 praecipue
1730 2628 1926 2704 uncis
1976 2628 2248 2728 saepius
2296 2627 2580 2728 repetita
2621 2626 2817 2717 ratio,
2865 2625 3245 2704 luculenter
3292 2653 3370 2704 ex
3419 2626 3529 2704 his
3581 2628 3804 2703 verbis
3857 2647 4155 2730 apparet.

1316 2758 1539 2835 Addit.
1586 2758 1823 2847 etiam,
1889 2756 2097 2831 hacce
2162 2754 2693 2830 inflammatione
2750 2772 3009 2854 partem
3084 2753 3432 2855 praeviam
3481 2756 3576 2829 ita
3627 2758 4042 2856 constringi,
4093 2777 4174 2834 et·

1316 2887 1553 2966 molles
1604 2905 1833 2988 partes
1899 2883 2222 2984 genitales
2278 2902 2413 2958 tam
2463 2900 2823 2983 angustas,
2889 2881 3345 2982 manibusque
3394 2886 3858 2983 operationem
3908 2885 4164 2963 diffici-

1316 3016 1448 3094 lem
1501 3016 1700 3092 reddi
1749 3043 1989 3117 posse,
2052 3031 2164 3103 ut,
2224 3014 2282 3087 si
2344 2997 2504 3089 vero
2563 3012 2797 3113 inepta
2840 3029 3042 3113 atque
3106 3008 3397 3085 violenta
3429 3013 3781 3112 operandi
3828 3015 4004 3090 ratio
4051 3015 4158 3091 vel

1317 3175 1563 3237 manu,
1634 3145 1737 3220 vel
1786 3141 2298 3230 instrumentis,
2361 3159 2438 3217 ut
2486 3139 2682 3214 uncis
2746 3139 3196 3241 suscipiatur,
3255 3125 3404 3214 ‘non
3464 3139 3686 3246 solum
3753 3145 4160 3244 parturienti

1315 3277 1647 3354 maiimos
1698 3300 1779 3350 ea
1831 3273 2077 3350 afferat
2127 3270 2421 3362 dolores,
2468 3268 2592 3344 sed
2632 3267 2834 3346 etiam
2885 3268 3058 3345 uteri
3107 3284 3414 3370 ruptura,
3450 3288 3514 3346 et
3555 3300 3741 3348 mors
3791 3274 3948 3375 ipsa
3994 3275 4160 3350 inde

1315 3400 1511 3502 sequi
1557 3398 1797 3501 possit.
3899 3449 3908 3460 .

1523 3528 1652 3624 12)
1699 3524 1969 3600 Iudicat
2021 3524 2338 3600 Cuneus
2390 3520 2500 3596 his
2552 3520 2775 3598 verbis
2824 3520 3048 3598 foetus
3095 3520 3303 3610 situs,
3360 3521 3433 3594 in
3485 3523 3772 3622 quibus,
3825 3541 3900 3602 ut
3943 3539 4158 3626 putat,

1316 3656 1704 3732 nasciturus
1739 3653 1993 3729 versari
2040 3668 2283 3754 potest,
2337 3650 2633 3752 primum
2683 3648 2992 3751 quidem:
3045 3650 3264 3752 capite
3311 3649 3609 3749 praevio,
3663 3651 3912 3728 deinde
3959 3656 4156 3756 pedi·

1317 3785 1447 3860 bus
1499 3781 2039 3885 prodeuntibus,
2082 3809 2161 3858 ac
2204 3780 2500 3881 denique
2548 3806 2743 3868 eum,
2795 3777 2916 3852 ubi
2964 3753 3194 3854 ifi'fans
3245 3794 3665 3856 transversus
3711 3786 3911 3879 jacet.

1350 3897 1359 3904 ’
1524 3915 1651 4012 13)
1716 3913 1945 3987 Pauca
2002 3911 2284 4001 haecce,
2314 3977 2323 3984 .
2350 3908 2605 4013 quibus
2666 3923 3241 3984 commemoratur
3300 3907 3632 4007 operandi
3680 3911 3895 4006 ratio,
3959 3914 4208 4030 cujus·

1320 4041 1671 4142 hucusque
1710 4068 1914 4116 nemo
1944 4041 2369 4116 mentionem.
2408 4039 2678 4128 fecerat,
2728 4036 2998 4111 Celsum
3028 4065 3172 4110 non
3219 4035 3442 4112 solum
3493 4065 3573 4112 ex
3623 4039 3912 4118 aliorum
3955 4041 4156 4118 libris

1320 4171 1647 4260 hausisse,
1693 4171 1815 4245 sed
1860 4171 2057 4246 etiam
2114 4198 2240 4244 suo
2281 4168 2501 4270 ipsius
2531 4165 2810 4264 ingenio
2858 4181 3058 4266 atque
3092 4165 3456 4267 prudentia
3488 4166 3767 4245 ductum
3819 4171 4156 4272 permulta

1315 4298 1729 4390 observasse,
1776 4301 1940 4375 satis
1989 4291 2167 4377 bene
2217 4300 2773 4375 demonstrarunt
2790 4299 2880 4394 ⁰).
2983 4294 3128 4392 Qui
3175 4296 3454 4400 quidem
3505 4299 3630 4372 etsi
3675 4328 3816 4372 non
3871 4301 4153 4376 omnino

1481 4529 1549 4617 a)
1604 4531 1738 4595 “La
1795 4529 2062 4596 seconde
2106 4531 2414 4595 reflexion
2469 4528 2548 4593 de
2597 4542 2691 4595 cet
2729 4532 3012 4611 Auteur,
3070 4539 3403 4614 justement
3456 4532 3702 4616 appell&
3748 4533 4152 4617 l’Hypocrate

1305 4637 1525 4718 Latin,
1583 4652 1674 4703 est
1714 4640 2038 4721 beaucoup
2078 4638 2223 4721 plus
2263 4637 2676 4721 importante,
2724 4657 2804 4700 en
2846 4655 2916 4699 ca
2957 4639 3181 4722 qu'elle
3223 4637 3537 4722 apprend,
3589 4648 3803 4699 contre
3835 4633 4149 4721 ‘Pupinion
