4784 5917
2671 483 2787 560 ⁴2

1316 692 1585 806 rum9)
1647 693 1887 808 ejus,
1967 702 2053 776 et
2108 690 2502 804 corporis
2574 692 2839 780 totius
2907 689 3302 801 babitus,
3377 703 3466 778 et
3529 694 3841 780 mentia
3909 695 4164 782 etiam

1320 947 1503 1022 riora
1572 946 1646 1018 in
1706 940 2056 1029 foeminis,
2133 966 2221 1014 ne
2289 956 2564 1040 partum
2634 938 3000 1050 prohibeat
3016 942 3145 1039 ⁰)“.
3270 939 3543 1014 Seriore
3608 940 3882 1016 demum
3945 959 4162 1018 aetate

1318 1076 1676 1163 Asamus,
1719 1071 1983 1173 primus
2027 1067 2338 1160 fortasse,
2385 1069 2598 1143 hocce
2647 1067 2803 1144 loco
2858 1070 3240 1169 angustiam
3285 1097 3365 1144 ac
3412 1067 3908 1147 deformitatem
3947 1071 4166 1175 pelvis

1321 1200 1581 1277 notavit
1628 1202 2053 1276 accuratius:
2116 1201 2300 1276 “Sed
2356 1219 2423 1275 et
2469 1226 2622 1273 ossa
2673 1199 2879 1301 pubis
2921 1202 3210 1274 nimium
3267 1218 3614 1290 conserta,
3662 1201 3980 1303 pariendi
4033 1201 4168 1275 dif-

1318 1329 1687 1406 ficultatem
1748 1329 2044 1421 faciunt,
2104 1330 2271 1404 dum
2347 1330 2420 1404 in
2484 1346 2684 1430 partu
2755 1327 3026 1406 dilatari
3096 1358 3238 1404 nou
3311 1346 3638 1431 possunt:
3702 1355 3926 1431 neque
3987 1328 4170 1403 enim

1319 1456 1501 1559 velut
1545 1457 1622 1532 in
1670 1457 1875 1548 viris,
1911 1459 2008 1534 ita
2052 1459 2126 1533 in
2174 1459 2584 1536 mulieribus
2633 1488 2788 1535 ossa
2839 1461 3048 1563 pubis
3099 1460 3481 1536 alternatim
3531 1474 4002 1548 conseruntur,
4047 1455 4172 1532 sed

1319 1587 1482 1663 sorti
1533 1585 1785 1689 copula
1825 1604 2322 1665 connectuntur
2349 1589 2473 1684 l’).“

1523 1717 1610 1814 8)
1682 1718 1810 1792 Rei
1864 1717 2150 1793 facultas
2192 1718 2375 1793 idem
2428 1717 2541 1793 hie
2583 1717 2795 1809 valet,
2846 1720 3036 1822 quod
3085 1719 3186 1795 rei
3236 1719 3546 1795 facilitas.

1532 1846 1610 1943 9)
1680 1844 1767 1920 ld
1810 1846 1998 1947 quod
2046 1853 2201 1923 “vis
2248 1852 2814 1924 musculorum.“
2915 1850 3231 1925 CELsus
3286 1875 3499 1950 quum
3543 1843 3935 1940 musculos,
3998 1843 4175 1945 liga-

1330 1981 1555 2042 menta
1597 1983 1662 2040 et
1710 1968 2022 2045 tendines
2066 1971 2338 2072 saepius
2377 1967 2828 2043 nominaverit
2877 1996 3164 2062 nervos,
3205 1972 3549 2047 DANIEL
3595 1993 3704 2044 LE
3753 1969 4034 2045 szltc
4086 1968 4175 2045 de

1331 2087 1596 2162 CELso
1651 2115 1860 2186 agens
1912 2091 2167 2194 inquit:
2216 2093 2354 2166 “Ce
2406 2118 2538 2193 que
2574 2092 2841 2167 Cssnsn
2889 2088 3104 2192 apelle
3132 2118 3232 2164 un
3261 2091 3436 2181 nei-f,
3476 2108 3580 2166 est
3625 2119 3724 2166 un
3767 2089 4024 2168 muscle
4050 2099 4178 2190 ⁶).“

1327 2205 1651 2309 Exempla
1688 2229 1725 2283 e
1761 2211 2026 2286 CELso
2060 2211 2212 2312 ipso
2258 2211 2569 2287 desumta
2608 2210 2986 2288 luculenter
3018 2212 3152 2286 hoc
3187 2207 3773 2290 demonstrabunt.
3826 2218 3930 2288 Ita
3973 2213 4175 2292 dicitz

1330 2327 1784 2428 “Dependent
1829 2356 1995 2407 vero
2049 2332 2136 2407 ab
2183 2333 2586 2432 inguinibus
2622 2362 2749 2437 per
2781 2333 3090 2434 singulos
3140 2360 3420 2424 nervos,
3472 2361 3646 2435 quos
3697 2339 4179 2441 κρεμαςῆραε

1332 2448 1578 2523 Graeci
1627 2452 2151 2550 nominant“‘¹);
2202 2472 2266 2529 et
2298 2452 2432 2530 alio
2472 2454 2658 2529 loco:
2705 2454 2848 2530 “Ac
2888 2481 2977 2530 ne
3014 2453 3336 2530 sustineri
3371 2454 3651 2556 quidem
3690 2471 3895 2556 caput
3923 2470 4178 2557 posset,

1330 2568 1463 2641 nisi
1507 2569 1825 2671 utrinque
1866 2574 2031 2649 recti
2075 2574 2511 2677 valentesque
2555 2576 2752 2654 nervi
2801 2575 3049 2651 collum
3096 2575 3552 2665 continerent,
3597 2603 3772 2677 quos
3823 2578 4183 2661 τένοντας

1330 2690 1575 2765 Graeci
1621 2691 1967 2793 appellant
1995 2704 2119 2794 ³).“
2219 2696 2509 2798 Reliqua
2554 2700 2638 2773 de
2686 2697 2965 2774 notione
3007 2695 3320 2772 vocabuli
3368 2709 3657 2771 “nervus
3710 2704 3999 2804 νεῦρονιι
4041 2696 4181 2773 col-

1330 2811 1641 2912 legerunt
1690 2817 2141 2893 GonaAEus
2160 2817 2238 2920 s)
2289 2836 2353 2892 et
2405 2819 2758 2895 Fofisms
2810 2820 2883 2894 in
2930 2817 3353 2894 Oeconomia
3403 2820 3969 2897 leroctut'rrs
3993 2823 4080 2923 s).

3551 2956 3592 2998 N

1495 3009 1566 3096 a)
1622 3010 1804 3077 Gna.
1846 3011 1991 3077 Lib.
2015 3015 2187 3079 v111.
2232 3013 2386 3097 cap.
2405 3016 2455 3078 1.
2497 3035 2565 3095 p.
2588 3018 2739 3076 508.

1497 3114 1560 3200 b)
1617 3119 1805 3180 Ait-ru
1856 3119 2203 3183 Tetrabibl.
2246 3132 2454 3203 quart.
2498 3117 2832 3182 sermdv.
2878 3112 3032 3198 Cap.
3051 3117 3263 3180 XXII.
3303 3138 3367 3200 Ρ.
3391 3122 3542 3180 871.

1498 3219 1560 3302 ο)
1619 3221 1860 3288 Dum.
1892 3243 1967 3285 ιε
2002 3222 2240 3301 Ome,
2283 3224 2545 3288 histoire
2588 3221 2665 3285 de
2707 3224 2771 3284 la
2806 3219 3153 3287 Medecine.
3210 3220 3524 3287 Amaterd.
3557 3226 3745 3285 1723.
3787 3221 3849 3285 4.
3894 3218 4179 3289 Secundo

1326 3327 1551 3390 Partie.
1599 3325 1881 3391 Liv.1v.
1922 3324 2083 3392 Sect.
2108 3327 2190 3391 11.
2230 3326 2548 3411 ChapJv
2590 3340 2649 3392 et
2683 3329 2762 3390 V.
2810 3349 2874 3409 p.
2897 3328 3048 3392 544.

1496 3425 1569 3515 d)
1624 3428 1801 3494 Cara.
1836 3429 1981 3496 Lib.
2003 3433 2145 3524 ΥΠ.
2186 3431 2341 3515 Cap.
2368 3432 2609 3497 xvln.
2651 3454 2714 3514 p.
2737 3434 2886 3497 455.

1502 3534 1564 3621 e)
1624 3536 1803 3600 Gna.
1844 3535 2185 3601 Lib.V111.
2229 3538 2384 3621 Cap.
2410 3540 2461 3602 1.
2504 3561 2567 3621 p.
2592 3544 2740 3602 502.

1481 3637 1564 3724 s)
1610 3639 1979 3704 “Caeterum
2024 3662 2150 3705 non
2194 3642 2608 3706 omittendum
2642 3653 2765 3722 eat,
2808 3636 2981 3724 quod
3015 3640 3310 3704 scribitur
3340 3661 3378 3702 a
3411 3636 3654 3701 Galeno
3691 3636 3874 3704 initio
3914 3637 4058 3703 Lib.
4081 3645 4179 3707 15.

1329 3741 1405 3806 de
1444 3765 1563 3808 usu
1600 3745 1873 3827 partium
1922 3744 2262 3811 disserente
2305 3746 2381 3810 de
2424 3747 2704 3833 pudendi
2743 3746 3119 3824 substantia,
3160 3764 3501 3808 nervorum
3548 3742 3750 3806 tribua
3793 3742 3996 3809 modia
4035 3742 4177 3825 dici,

1332 3870 1459 3913 uno
1504 3849 1757 3933 quidem
1800 3850 2058 3933 proprie
2099 3871 2295 3932 genua
2330 3853 2488 3918 illud
2530 3867 2728 3919 totum
2770 3850 2942 3939 quod
2987 3871 3025 3913 a
3069 3850 3326 3913 cerebro
3370 3859 3434 3910 et
3465 3848 3691 3930 apinali
3727 3845 4000 3911 medulla
4044 3859 4174 3913 eata

1333 3957 1531 4020 altero
1589 3954 1656 4019 id
1718 3954 1891 4039 quod
1946 3976 1981 4016 a
2041 3955 2336 4019 musculis
2391 3961 2596 4023 oritur
2655 3972 2716 4022 et
2768 3957 3012 4034 τένων,
3075 3954 3198 4018 hoc
3240 3964 3334 4016 est
3374 3950 3599 4029 tendo,
3657 3953 3738 4014 ab
3786 3952 4173 4036 Hippocrate

1329 4060 1587 4139 dieitur,
1631 4060 1813 4125 tertio
1858 4073 2063 4124 autem
2106 4061 2277 4147 quod
2319 4063 2731 4149 Hippocrates
2773 4056 3183 4142 σύνδεσμον,
3236 4051 3304 4120 id
3347 4066 3439 4119 eat
3475 4054 3912 4138 ligamentum,
3950 4055 4176 4122 medici

1328 4186 1476 4230 vero
1520 4178 1662 4251 post
1716 4186 1858 4228 eum
1913 4161 2627 4252 reianzovvomudv,
2678 4166 2746 4233 id
2787 4178 2883 4231 est
2921 4183 3185 4226 nervum
3229 4163 3652 4244 colligantur»,
3707 4177 4177 4247 nuncuparunt.

1326 4270 1572 4333 Dictum
1618 4282 1711 4333 eat
1746 4269 1997 4335 Graecia
2038 4272 2285 4358 νεῦρον
2326 4265 2467 4339 &nd
2509 4273 2631 4341 τοῦ
2671 4264 2933 4348 νεύειν,
2976 4265 3148 4353 quod
3191 4281 3417 4333 nutare
3461 4282 3519 4332 et
3564 4268 3814 4330 flectere
3855 4267 4171 4350 significat,

1324 4389 1389 4440 ut
1433 4378 1646 4441 scribit
1688 4377 1826 4441 Gal.
1869 4377 2050 4442 initio
2093 4377 2207 4440 lib.
2253 4375 2330 4439 de
2372 4390 2547 4441 motu
2597 4376 3084 4441 musculorum.“
3182 4374 3283 4439 Jo.
3324 4374 3614 4440 Gonmt
3652 4370 3911 4437 Definit.
3946 4370 4172 4438 medic.

1320 4503 1458 4547 voc.
1500 4481 1881 4567 “Nefipovf‘
1945 4484 2470 4549 Francof.·15⁷8.
2512 4484 2622 4547 sol.
2661 4505 2728 4567 Ρ.
2752 4488 2902 4548 812.

1484 4589 1557 4668 5)
1613 4588 1825 4655 Fossau
1873 4584 2257 4655 Oeconomia
2303 4588 2726 4674 Hippocratis.
2809 4586 3104 4653 Franeof.
3148 4592 3336 4652 1588.
3375 4585 3490 4651 fol.
3531 4607 3597 4669 Ρ.
3617 4588 3742 4648 428
3769 4596 3833 4649 et
3849 4603 3984 4667 seq.
