4784 5917
2014 585 2073 661 ⁷

623 775 998 885 aestimare,
1049 790 1174 870 sed
1226 787 1425 867 etiam
1477 788 1728 867 diurna
1778 817 2046 865 versare
2092 783 2339 881 manu,
2382 815 2652 865 versare
2700 808 3057 883 nocturna,
3103 792 3378 877 studere
3411 812 3475 867 et

618 925 689 1000 iu
730 953 1012 1000 succum
1054 915 1148 997 'et
1191 923 1595 1022 sanguinem
1660 927 2091 1009 cdhvertere‚
2155 918 2491 1022 puderet?
2588 919 2727 994 Eos
2778 937 3004 996 tamen
3056 922 3309 1013 libros,
3355 925 3474 1023 qui

606 1053 1026 1129 'medicinam
1084 1068 1411 1143 tractant,
1503 1043 1809 1153 quinque
1870 1048 2342 1138 antecessisse,
2403 1045 2781 1124 luculenter
2839 1050 3043 1125 nobis
3107 1050 3478 1126 ostendunt

622 1184 1008 1286 complures
1078 1183 1349 1258 codices
1419 1173 1716 1282 antiqui,
1785 1178 2038 1280 quibus
2090 1176 2494 1280 inscriptum
2544 1196 2676 1253 est:
2727 1182 3037 1255 Artium
3101 1181 3199 1255 A.
3251 1180 3472 1254 Con-

620 1305 863 1387 Nssmi
929 1314 1183 1388 Cum
1250 1313 1485 1386 Liber
1568 1315 1654 1386 V
1645 1314 1708 1384 Ι.
1765 1311 2201 1384 Medicinae
2263 1336 2443 1386 vero
2507 1311 2743 1383 Liber
2796 1313 3116 1408 primus.
3247 1307 3473 1381 Dictio

621 1440 898 1540 quidem
954 1441 1012 1514 si
1061 1441 1339 1542 ubique,
1396 1437 1586 1540 quod
1635 1436 1812 1511 bene
1859 1438 2197 1539 conjicere
2247 1435 2440 1529 licet,
2488 1437 2582 1512 ita
2636 1454 2780 1512 erat
2824 1435 3196 1539 praeclara,
3247 1432 3472 1536 qualis

594 1570 690 1642 'iu
745 1567 941 1644 libris
994 1569 1081 1643 de
1131 1597 1205 1644 re
1256 1568 1559 1658 medica,
1626 1594 1803 1669 opus
1866 1567 2209 1667 integrum
2250 1545 2480 1642 ’nobis
2536 1596 2676 1641 non
2742 1584 3035 1656 restare,
3103 1593 3182 1639 eo
3251 1565 3472 1663 magis
3543 1617 3551 1622 -

617 1696 990 1772 dolendum
1068 1708 1215 1771 est.⁴
1303 1694 1690 1772 Nonnullae
1772 1713 1997 1769 autem
2079 1695 2593 1797 deperditorum
2661 1695 2877 1772 libros
2942 1722 3085 1770 rem
3147 1695 3469 1769 rusticam

616 1844 978 1916 tractasse,
1033 1851 1186 1900 cum
1224 1827 1562 1902 ‘CBLsus
1612 1825 1760 1925 ipse
1813 1825 1982 1900 dicit
2030 1842 2096 1900 et
2143 1825 2216 1900 in
2259 1828 2614 1927 prooemio
2663 1825 3041 1901 medicinae
3075 1828 3175 1919 ¹),
3219 1842 3288 1898 et
3338 1822 3473 1898 alio

614 1955 789 2045 loco,
839 1955 959 2029 ubi
1008 1959 1155 2052 jam
1207 1973 1401 2028 antea
1457 1981 1710 2054 pecora
1763 1970 2084 2030 tractasse
2134 1972 2372 2029 narrat
2391 1955 2498 2055 2),
2550 1971 2692 2028 tum
2745 1980 2905 2027 vero
2937 1957 3468 2031 COLUMELLA

617 2085 798 2159 testis
836 2103 972 2175 est,
1024 2085 1147 2186 qui
1182 2085 1530 2158 CELSUM
1580 2082 1884 2185 quinque
1936 2071 2126 2185 ipsos
2176 2082 2392 2159 libros
2439 2084 2525 2158 de
2569 2111 2644 2157 re
2696 2084 2950 2158 rustica
3000 2082 3354 2183 scripsisse
3379 2081 3475 2174 ⁵),

612 2215 848 2315 ibique
900 2215 1328 2288 SASBRNAS
1395 2228 1659 2313 patrem
1728 2229 1795 2285 et
1861 2210 2119 2303 filium,
2185 2230 2550 2313 utrumque
2618 2209 3014 2286 clarum-‹le
3080 2238 3154 2284 re
3214 2208 3470 2283 rustica

615 2358 998 2429 auctorem,
1058 2355 1362 2412 secutum
1432 2340 1645 2414 fuisse
1696 2339 1864 2415 dicit
1889 2343 1979 2434 ⁴’).
2077 2341 2269 2415 Idem
2324 2342 2858 2416 ComeLLA
2888 2340 2951 2439 ⁵)
3009 2356 3074 2413 et
3121 2335 3470 2439 praeclare

616 2470 701 2542 de
755 2468 1001 2570 apibus
1063 2466 1418 2567 scripsisse
1471 2468 1821 2543 Cusum
1879 2485 2150 2558 narrat,
2221 2485 2287 2542 et
2353 2469 2503 2569 ipse
2563 2469 3019 2568 fragmentum
3074 2469 3328 2543 cmm
3379 2464 3467 2539 de

613 2597 971 2672 anseribus
1007 2593 1209 2669 nobis
1249 2595 1670 2669 conservavit
1687 2595 1774 2693 ⁶).
1840 2597 1982 2672 Nec
2022 2625 2165 2671 non
2199 2599 2558 2673 PLINIUS
2595 2597 2951 2699 permultis
2988 2596 3181 2687 lociS,
3220 2593 3343 2668 ubi
3379 2593 3468 2667 de

498 2785 503 2789 .
607 2724 998 2827 pecoribus,
1048 2721 1315 2816 avibus,
1356 2723 1603 2826 apibus
1645 2743 1714 2800 et
1751 2753 1828 2799 re
1862 2726 2114 2800 rustica
2159 2725 2319 2825 agit,
2370 2725 2716 2801 CELSUM
2760 2744 3073 2802 nostrum
3125 2722 3362 2799 laudat
3381 2724 3470 2823 ⁷).

605 2854 1071 2930 Institutiones
1118 2854 1489 2945 oratorias,
1556 2882 1729 2956 quas
1780 2872 2040 2957 septem
2100 2854 2297 2931 libris
2343 2854 2620 2957 scripsit
2668 2855 3021 2946 CELsus,
3082 2870 3469 2928 memorant

607 2984 652 3053 J
662 3004 1088 3055 uvmmms
1117 2982 1183 3079 ⁸)
1232 3000 1298 3056 et
1350 2984 1618 3058 Cmuo
1673 2986 2428 3074 Fon'rtmxrunus,
2471 2982 2895 3086 eloquentiae
2945 2961 3350 3084 praeceptor
3370 2981 3468 3078 9);

781 3246 845 3334 1)
900 3248 1027 3312 “Ut
1068 3251 1360 3317 allmenta
1399 3254 1567 3318 sanis
1608 3237 2000 3339 corporibus¹
2023 3257 2451 3339 Agricultura,
2503 3257 2590 3323 sic
2640 3258 2968 3323 sanitatem
3013 3252 3211 3336 aegris
3257 3251 3465 3317 Medi.

604 3357 741 3420 cina
781 3355 1148 3437 promittit.“
1230 3355 1411 3421 Cas.
1452 3356 1600 3422 Lib.
1626 3358 1680 3422 1.
1718 3360 1990 3427 Praestat.

766 3471 839 3552 2)
894 3467 1117 3532 “Sicut'
1153 3469 1231 3534 de
1272 3471 1606 3553 pecoribus
1648 3474 2014 3557 proposui.“
2098 3472 2276 3540 em.
2314 3475 2459 3540 Lib.
2481 3477 2568 3540 V.
2608 3473 2765 3559 Cap.
2788 3470 3093 3566 XXVIII·
3133 3493 3199 3553 Ρ·
3229 3474 3378 3532 338·

769 3583 839 3660 3)
904 3578 1198 3666 “Quippe
1261 3579 1594 3650 Cornelius
1657 3596 1858 3649 totum
1925 3606 2157 3669 corpus
2213 3583 2576 3671 disciplinae
2629 3584 2703 3673 (i.
2740 3609 2797 3651 e.
2834 3580 3134 3669 rusticae)
3177 3580 3460 3668 quinque

597 3684 773 3748 libris
816 3683 1181 3768 complexus
1227 3690 1376 3752 est.“
1459 3688 1768 3753 Corum..
1808 3688 2029 3756 Lib.1.
2072 3688 2226 3773 Cap.
2247 3692 2299 3754 1.

770 3793 839 3880 4)
897 3799 1096 3863 “Mox
1146 3800 1352 3863 Julius
1392 3800 1672 3880 Atticus,
1727 3813 1789 3866 et
1832 3801 2167 3868 Cornelius
2209 3803 2430 3869 Celsus
2488 3802 2706 3868 aetatis
2762 3813 3015 3866 nostrae
3069 3793 3457 3878 celeberrimi

594 3914 897 3979 auctores,
934 3914 1179 3985 patrem
1212 3917 1403 3991 atque
1435 3904 1635 3970 filium
1664 3904 1999 3972 Sasernam
2027 3908 2259 3974 secuti“
2281 3885 2757 3975 eta-Cotum..
2786 3908 2935 3973 Lib.
2950 3907 3064 3971 111.
3084 3898 3457 3987 Cap-XVII·

762 4008 836 4098 5)
888 4013 1203 4081 Comum..
1237 4016 1518 4083 Liulx.
1565 4017 1723 4101 Cap.
1744 4019 1825 4083 11.
1938 4041 1943 4046 ·

768 4123 839 4208 s)
891 4126 1209 4192 emm.
1248 4128 1587 4195 κάμνω.
1629 4129 1787 4214 cap.
1805 4132 1987 4196 xm.

762 4235 834 4324 7)
888 4240 1056 4306 Pus.
1103 4242 1326 4308 Natat.
1368 4242 1588 4307 histor.
1626 4243 1772 4308 Lib.
1795 4247 1880 4310 X.
1924 4245 2078 4327 Cap.
2102 4243 2270 4309 Lm.
2313 4241 2617 4306 LXXIV.
2657 4271 2744 4290 -
2804 4238 2947 4303 Lib.
2970 4236 3152 4302 XIV.
3192 4232 3352 4317 Cep·
3371 4233 3454 4298 11.

594 4343 701 4407 JV.
745 4349 807 4409 3.
864 4379 957 4395 —··
1010 4346 1156 4412 Lib.
1175 4349 1328 4413 XX.
1370 4346 1657 4431 Cap-IV.
1697 4349 1875 4412 xlv.
1914 4385 2005 4442 -ss
2046 4350 2188 4414 Lib.
2206 4350 2390 4413 XXI.
2434 4347 2587 4431 Cap.
2609 4346 2828 4412 XXX.
2863 4344 3031 4408 clv.

761 4454 831 4540 8)
869 4455 1148 4524 “Orator
1174 4455 1452 4546 (Celsus)
1484 4458 1653 4523 illius
1681 4459 1999 4542 temporis,
2038 4462 2151 4544 qui
2185 4474 2424 4544 septem
2453 4462 2653 4524 libi-os
2685 4457 3155 4523 Institutionum
3183 4450 3451 4534 scriptos

591 4563 910 4648 reliquit.“
988 4563 1138 4630 vid.
1183 4563 1506 4631 Scholiast.
1550 4564 1630 4629 ad
1668 4566 1959 4628 Juvenal.
2001 4563 2132 4629 Sat.
2162 4565 2277 4629 vt.
2320 4588 2384 4631 v.
2419 4569 2568 4632 2⁴4.
2624 4565 2836 4629 Lutet.
2881 4569 3068 4627 1608.
3109 4562 3170 4623 4.
3212 4559 3447 4642 μ245.

761 4674 829 4759 9)
879 4675 1049 4754 “Qui
1094 4700 1309 4744 rerum
1362 4692 1676 4761 gestarum
1719 4676 1879 4742 ordo
1934 4673 2074 4742 est?
2156 4675 2376 4746 Celsus
2431 4677 2623 4746 tradit
2664 4678 2870 4765 primo
2910 4678 3162 4743 firmum
3203 4669 3440 4755 aliquid
