4784 5917
2039 535 2137 612 11

662 738 861 814 runt,
911 739 977 800 et
1036 719 1301 798 morbis
1368 720 1545 797 forte
1592 750 1738 797 non
1789 721 1969 803 visis'
2006 719 2224 796 nihilo
2276 721 2507 796 minus
2557 719 2631 795 in
2678 750 2915 799 museo
2969 752 3084 800 eos
3136 725 3521 829 descripse-

655 867 837 928 runt.
939 855 1194 928 Verum
1258 876 1375 925 eos
1444 844 1855 947 recen‘sebo,
1929 851 2075 954 qui‘
2107 878 2235 952 per
2294 848 2548 924 multos
2610 879 2828 926 annos
2895 853 2968 926 in
3038 855 3235 956 praxi
3300 854 3515 931 excel-

654 977 960 1069 luerunt,
1032 977 1199 1054 dum
1247 980 1597 1070 vixerunt,
1674 999 1741 1057 et
1799 979 2005 1055 simul
2061 996 2410 1054 anatomes
2465 979 2668 1079 periti
2734 979 3013 1056 fuerunt
3047 985 3174 1078 ¹).“
3288 984 3512 1059 Etiam
3614 1057 3622 1064 ,

657 1109 1065 1184 GALBNUS
1094 1109 1163 1208 2)
1213 1084 1577 1186 formulam
1642 1109 2139 1184 trochiscorum
2190 1135 2321 1208 pro
2384 1106 2867 1211 dysentericis,
2934 1109 3281 1202 coeliaciS‚
3345 1111 3510 1187 hae·

654 1237 1055 1338 moptoicis,
1132 1264 1213 1312 ex
1277 1240 1709 1314 Com-mmo
1780 1240 2118 1312 Mnmoo
2191 1254 2533 1336 sumptam
2596 1239 2942 1341 proponit.
3061 1239 3259 1336 Quae
3321 1270 3506 1317 com-

652 1366 911 1467 positio
963 1366 1069 1441 vel
1133 1367 1208 1441 in
1278 1366 1652 1469 deperditis
1712 1365 1851 1441 illis
1910 1367 2164 1441 CELSI
2230 1357 2427 1438 lib'ris
2494 1367 2785 1467 scripta,
2853 1367 2956 1442 vel
3016 1386 3199 1443 extra
3269 1368 3507 1459 libros,

650 1521 779 1595 per
852 1523 1097 1570 manns
1170 1495 1368 1598 quasi
1443 1494 1694 1570 tradita
1748 1494 1916 1583 fnit,
1994 1495 2203 1568 istum
2276 1519 2438 1567 vero
2490 1496 3001 1571 Coum-,munt
3061 1525 3203 1571 non
3280 1498 3500 1574 solum

652 1640 963 1698 nostrum
1033 1623 1284 1714 fuisse,
1348 1623 1477 1701 sed
1540 1622 1740 1698 etiam
1809 1623 2054 1725 praxin
2117 1621 2455 1698 medicam
2526 1622 2938 1714 exercuisse,
3009 1652 3089 1700 ex
3143 1626 3263 1702 illo
3314 1631 3503 1731 apud

653 1753 1089 1831 GALBNUM
1152 1752 1307 1829 loco
1375 1750 1631 1856 liquet,
1712 1751 1798 1826 de
1870 1780 2005 1853 qua
2075 1778 2149 1826 re
2218 1751 2439 1824 fusius
2526 1750 2665 1848 agit
2730 1753 3202 1830 MATTHIAE
3240 1757 3326 1853 ⁵).
3401 1799 3496 1818 —-

514 1969 538 1988 ,
654 1881 1003 1958 Cnnstnae
1066 1885 1228 1959 vero
1288 1880 1673 1956 secundum
1716 1889 2080 1969 auctores,
2157 1879 2277 1980 qui
2345 1878 2549 1955 nobis
2612 1880 2702 1954 de
2761 1885 2913 1980 ejus
2978 1881 3225 1958 studiis
3290 1887 3495 1984 pariis

650 2008 1016 2113 multisque
1056 2012 1140 2087 in
1192 2011 1383 2087 omni
1435 2011 1903 2086 doctrinarum
1954 2034 2203 2108 genere
2253 2007 2505 2084 relictis
2556 2009 2829 2111 scriptis
2881 2029 3204 2104 narrant,
3276 2017 3496 2092 medi·

652 2165 801 2212 cam
853 2157 1067 2213 artem
1114 2169 1241 2242 per
1287 2140 1562 2241 longius
1610 2141 1791 2220 vitae
1842 2155 2109 2239 tempus
2161 2137 2540 2212 exercuisse
2589 2138 2699 2212 vix
2749 2137 2994 2212 eredo:
3062 2141 3188 2215 sed
3233 2143 3491 2244 ingenii

651 2267 1017 2365 sagacitate
1068 2271 1448 2371 'mentisque
1519 2267 1823 2345 claritate
1882 2267 2256 2341 instructus
2320 2263 2659 2367 permulta
2731 2264 3145 2360 observavit,
3215 2271 3348 2364 ita,
3417 2291 3496 2349 nt

649 2392 867 2470 libros
930 2424 1093 2471 suos
1160 2398 1269 2473 de'
1311 2399 1655 2474 medicina
1727 2398 1931 2497 longe
1987 2393 2569 2498 praeclarissimos
2641 2421 2786 2470 non
2826 2394 3047 2471 solum
3102 2426 3182 2472 ex
3244 2402 3491 2477 studiis

651 2522 941 2600 aliorum
1011 2528 1459 2629 scriptorum,
1527 2528 1654 2603 sed
1704 2527 1903 2602 etiam
1971 2553 2053 2600 ex
2107 2523 2391 2627 propria
2455 2523 2854 2598 morborum
2925 2527 3494 2629 contemplatione

645 2653 971 2757 perficere
1037 2676 1306 2760 posset,
1376 2659 1633 2761 quippe
1692 2657 1813 2758 qui
1885 2681 2249 2756 aegrorum
2321 2652 2790 2727 curandorum
2857 2655 3289 2734 occasionem
3354 2660 3490 2736 sibi

646 2811 689 2858 a
740 2790 1330 2890 contemporaneis
1397 2787 1747 2880 oblatum,
1811 2784 2004 2859 haud
2043 2797 2410 2884 respueret.
2515 2781 2731 2879 Quod
2789 2780 2972 2856 idem
3020 2783 3220 2861 facile
3272 2788 3491 2889 conji-

648 2913 967 2990 ciendum
1019 2936 1120 2992 est
1168 2946 1247 2993 ex
1298 2918 1559 3018 ingenii
1610 2916 1794 2992 illins
1826 2914 2161 3003 acumine,
2210 2954 2315 2971 —
2360 2938 2523 2987 nam
2573 2909 2922 2984 erroribus
2975 2913 3117 2988 fere
3170 2916 3490 2992 omnibus

648 3061 793 3117 erat
842 3065 1115 3136 exutus,
1162 3066 1226 3122 et
1274 3077 1386 3122 res
1435 3048 1692 3148 optime
1736 3046 2101 3146 disponere
2152 3055 2455 3142 poterat,
2506 3079 2605 3098 --
2657 3056 2722 3112 et
2763 3065 2842 3112 ex
2892 3040 3219 3116 orationis
3269 3043 3489 3118 nitore

650 3187 786 3244 tam
840 3170 1099 3248 illustre
1160 3176 1235 3250 in
1287 3182 1439 3273 ejus
1491 3174 1686 3249 libris
1736 3172 2171 3276 splendente,
2222 3196 2429 3270 quem
2472 3167 2548 3240 in
2597 3165 2720 3257 iis,
2786 3168 2940 3269 qui,
2989 3186 3067 3243 ut
3117 3172 3490 3260 PLINIUS,

644 3297 934 3377 aliorum
987 3320 1251 3378 tantum
1303 3304 1517 3379 libros
1569 3303 2143 3405 compilaverunt,
2208 3295 2491 3372 omnino
2546 3294 3036 3371 desideramus.
3133 3296 3489 3374 Praeclare

641 3429 858 3527 igitur
908 3433 1452 3508 Dounon-ms
1497 3432 1583 3506 de
1638 3435 1905 3508 cmo
1957 3454 2189 3529 agens,
2240 3427 2441 3501 dicit:
2492 3425 2678 3500 “Son
2719 3426 2891 3530 style
2938 3422 3230 3523 elegant,
3279 3434 3492 3517 serre,

646 3561 912 3648 concis,
988 3559 1086 3634 lui
1142 3589 1184 3636 a
1253 3561 1499 3638 merite
1568 3559 1632 3635 le
1689 3559 1846 3636 titre
1912 3559 2000 3632 de
2060 3556 2353 3631 Ciceron
2422 3555 2542 3630 des
2599 3555 2956 3632 Mede-eins
2994 3556 3124 3651 ⁴)“.
3227 3554 3490 3653 Quanti

647 3688 1131 3763 aestimabatur
1193 3688 1402 3764 latina
1472 3691 1724 3772 Cnnsl
1801 3685 2055 3775 oratio,
2139 3682 2331 3784 quod
2400 3681 2638 3758 attinet
2706 3683 2852 3781 ejus
2920 3681 3489 3783 elegantissimam

824 3967 890 4054 1)
949 3971 1368 4049 Bormum,
1434 3969 1709 4034 method.
1752 3968 1917 4033 stud.
1958 3967 2177 4032 medic.
2228 3967 2382 4029 Pars
2416 3965 2592 4030 XIII.
2651 3961 2931 4029 conniti·
2971 3963 3052 4029 ad
3098 3967 3496 4049 chirurgiam.

649 4073 804 4157 Cap.
826 4076 910 4138 11.
951 4072 1208 4138 edition.
1247 4075 1503 4136 Arusna-
1544 4094 1624 4135 ΑΒ
1668 4073 1951 4138 HAmn.
1990 4069 2339 4138 Amstelod.
2380 4073 2569 4131 1751.
2609 4071 2671 4132 4.
2711 4068 2898 4134 Tum.
2916 4069 2971 4133 1.
3011 4092 3078 4154 p.
3105 4073 3226 4135 ⁷14
3265 4084 3323 4135 et
3350 4076 3520 4137 '715‘

818 4181 889 4270 2)
945 4185 1181 4248 Gau.
1232 4183 1310 4249 do
1352 4185 1676 4268 componit.
1720 4187 2226 4252 medicamentor.
2264 4177 2610 4248 secundum
2654 4180 2848 4245 rocos.
2903 4180 3050 4244 Lib.
3073 4181 3189 4246 lx.
3231 4182 3389 4267 Cap.
3411 4186 3496 4248 V.

652 4287 800 4353 edit.
840 4289 1048 4352 Ktimc.
1101 4287 1484 4353 Temnon.
1522 4309 1587 4369 p.
1609 4293 1762 4352 292.

818 4394 891 4486 3)
943 4400 1202 4465 Snus-r.
1238 4399 1815 4490 Cum,Kmmou,
1856 4419 2059 4481 praes.
2096 4398 2178 4460 G.
2204 4396 2568 4476 Mur-unu,
2606 4394 2779 4459 Dios.
2807 4395 2855 4458 1.
2893 4394 3062 4459 laud.
3104 4418 3172 4479 p.
3196 4403 3276 4460 13
3301 4410 3366 4462 ot
3393 4401 3497 4463 14.

820 4507 893 4594 4)
950 4513 1307 4593 DusAnnm,
1366 4515 1626 4578 histoire
1690 4512 1766 4578 do
1812 4513 1877 4574 la
1933 4511 2263 4592 chirurgio.
2324 4507 2526 4572 Pan-1⁸.
2573 4508 2763 4572 1774.
2799 4512 2864 4572 4.
2905 4507 3091 4571 Tom.
3121 4507 3178 4571 1·.
3216 4507 3499 4576 Linlv.

650 4638 715 4699 p.
746 4619 892 4679 354.
2471 4714 2582 4787 2.
