4784 5917
2607 600 2723 682 24

1240 818 1424 892 mina
1457 817 1538 907 ι).
1640 811 1957 884 Ceterum
2006 809 2399 884 obstetrices
2444 806 2902 904 Graecorum,
2953 802 3078 878 etsi
3128 804 3494 905 scriptores
3542 822 3804 882 veteres
3850 808 4085 911 inique

1241 971 1447 1046 saepe
1494 969 1607 1016 eas
1658 956 1950 1014 tractant
1968 939 2068 1037 2),
2118 966 2257 1010 non
2305 937 2528 1012 solum
2579 934 2822 1010 humili
2875 933 3027 1009 loco
3062 952 3246 1008 ortas
3297 933 3544 1026 fuisse,
3590 938 3885 1013 ostendit
3930 943 4088 1017 So-

1243 1096 1593 1161 CRATES,
1643 1069 1758 1170 qui
1807 1067 1951 1167 ipse
1997 1064 2581 1140 PHAENARETA
2620 1064 2978 1138 obstetrice
3030 1089 3360 1161 generosa
3401 1081 3467 1137 et
3501 1068 3689 1163 gravi
3729 1095 3802 1142 se
3851 1086 4090 1143 natum

1238 1229 1384 1277 esse
1430 1198 1782 1275 consessus
1823 1211 1924 1267 est
1946 1195 2032 1292 3).
2132 1195 2310 1268 Nam
2356 1222 2473 1269 eae
2514 1194 2918 1297 plerumque
2967 1193 3422 1294 parturientes
3464 1212 3618 1297 apte
3671 1195 3764 1270 ad
3807 1213 4090 1297 ,partum

1563 1438 1860 1519 “Septem
1901 1455 2014 1515 ego
2056 1454 2178 1515 per
2221 1443 2471 1510 noctes,
2532 1431 2790 1499 totidem
2831 1433 3111 1497 cruciata
3157 1431 3416 1514 diebus,

1572 1541 1769 1605 Fessa
1812 1541 2025 1616 malis,
2070 1537 2461 1620 tendensque
2505 1536 2584 1602 ad
2629 1541 2874 1603 coelum
2917 1538 3211 1614 brachia,
3256 1559 3480 1619 magno

1570 1643 1908 1720 Lucinam,
1967 1642 2298 1727 Nixosque
2354 1663 2575 1723 pares,
2637 1645 2908 1706 clamore
2959 1643 3322 1705 vocabam.“

2549 1742 2770 1828 ‚Ovum
2811 1747 3233 1827 Metamorph.
3271 1746 3415 1808 Lib.
3448 1745 3568 1809 IX.
3611 1748 3837 1822 &293
3873 1753 3938 1806 et
3963 1759 4099 1826 seq.

1410 1869 1476 1954 1)
1528 1871 1703 1935 Inter
1752 1869 2048 1943 numina,
2108 1866 2339 1949 quibus
2394 1887 2847 1949 puerperarum
2903 1887 3052 1931 cura
3114 1853 3440 1930 commissa
3484 1877 3647 1946 erat,
3713 1884 3843 1930 non
3905 1866 4096 1931 modo

1235 1975 1697 2039 invocabantur
1738 1975 1947 2050 Deae,
2007 1969 2115 2034 sed
2161 1971 2341 2032 etiam
2386 1971 2533 2049 Dii,
2574 1983 2644 2033 ut
2685 1972 3136 2050 Inrrncmon,
3181 1974 3494 2037 Pmnnws
3535 1985 3596 2036 et
3638 1972 3974 2052 Dmm,
4017 1971 4097 2034 de

1242 2100 1518 2165 quorum
1567 2077 1773 2142 officio
1817 2079 2205 2140 Aucus-rmus
2261 2076 2586 2156 sequentia
2627 2076 2851 2139 habet:
4141 2077 4152 2086 “

1574 2190 1858 2252 “Tamen
1899 2187 2150 2250 mulieri
2194 2187 2398 2248 foetae
2439 2197 2583 2267 post
2622 2197 2872 2268 pax-,tum
2913 2197 3038 2250 tres
3096 2184 3247 2251 deos
3308 2183 3594 2253 custodes
3654 2181 4101 2256 commemorat

1581 2291 1888 2368 adhiberi,
1933 2315 2011 2355 ne
2056 2291 2369 2376 sylvanus
2414 2288 2567 2353 deus
2609 2312 2725 2373 per
2763 2304 3008 2355 noctem
3057 2290 3443 2372 ingrediatur
3481 2305 3543 2357 et
3584 2307 3803 2371 vexet,
3848 2311 4101 2359 eorum·

1579 2419 1703 2481 que
1766 2397 2097 2461 custodum
2153 2387 2699 2475 significandorum
2747 2381 2950 2476 ‘causa‘
2999 2407 3126 2458 tres
3183 2396 3469 2459 homines
3529 2411 3715 2460 noctu
3775 2401 4099 2463 circumire

1572 2503 1789 2565 limina
1833 2499 2075 2574 domus,
2117 2512 2177 2561 et
2221 2500 2428 2579 primo
2471 2502 2659 2563 limen
2704 2503 2910 2565 securi
2960 2500 3167 2574 ferire,
3207 2513 3427 2582 postea
3465 2502 3616 2583 pilo,
3662 2505 3843 2567 tertio
3874 2503 4104 2568 dever-

1578 2626 1718 2671 rere
1761 2607 2004 2687 scopis:
2069 2616 2140 2667 ut
2179 2605 2280 2666 his
2323 2602 2483 2665 datis
2526 2605 2806 2667 culturae
2850 2604 3072 2684 siguis,
3135 2602 3286 2664 deus
3329 2599 3642 2686 Sylva'nu‘s'
3690 2611 4101 2691 prohibeatur

1578 2710 1846 2772 intrare:
1891 2710 2041 2791 quia
2084 2728 2286 2790 neque
2320 2709 2577 2771 arbores
2623 2708 2967 2772 caeduntur
3010 2727 3082 2768 ac
3119 2721 3423 2787 putantur
3463 2712 3598 2774 sine
3645 2716 3850 2781 ferro:
3892 2740 4099 2802 neque

1584 2813 1681 2874 far
1722 2812 2046 2880 conficitur
2085 2812 2220 2872 sine
2264 2812 2427 2892 pilo:
2488 2832 2695 2894 neque
2757 2803 2962 2890 fruges
3023 2825 3469 2875 coacervantur
3510 2817 3644 2879 sine
3689 2823 3913 2903 scopis.
3996 2827 4096 2886 Ab

1584 2917 1680 2979 his
1723 2929 1931 2978 autem
1974 2915 2175 2977 tribus
2216 2917 2407 2977 rebus
2449 2928 2576 2977 tres
2620 2926 3012 2995 nuncupatos
3048 2913 3233 2981 deos:
3279 2917 3737 2987 Intercidonam
3784 2949 3822 2989 a
3865 2933 4099 2995 securis

1582 3019 2017 3084 intercisIone:
2059 3022 2421 3082 Pilumnum
2468 3040 2506 3080 a
2541 3020 2708 3102 pilo:
2749 3022 3101 3084 Deverram
3141 3042 3178 3082 a
3208 3019 3445 3105 scopis:
3487 3029 3717 3111 quibus
3741 3030 3862 3096 diis
3890 3047 4099 3099 custo..

1584 3121 1767 3187 dibus
1809 3137 2028 3188 contra
2079 3126 2210 3187 vim
2264 3121 2366 3186 dei
2411 3122 2698 3208 Sylvani,
2769 3127 2936 3189 foeta
2983 3133 3520 3192 conservaretur.“

1957 3231 2294 3294 Ausum.
2335 3227 2413 3291 de
2455 3228 2685 3291 civitat.
2723 3226 2870 3292 Dei.
2926 3217 3092 3292 Pars*
3117 3229 3167 3294 l.
3208 3231 3354 3296 Lib.
3375 3235 3487 3299 VI'.
3533 3235 3825 3320 Cap.1X.
3865 3261 3930 3320 p.
3953 3246 4101 3304 508.

1416 3339 1565 3402 Non
1607 3337 1813 3400 minus
1853 3339 2168 3403 laudanda
2210 3352 2302 3403 est
2340 3343 2538 3434 Mater
2580 3354 2823 3422 matuta,
2868 3362 3030 3430 quae
3073 3340 3289 3410 eadem
3330 3358 3454 3428 est,
3506 3361 3577 3412 ut
3616 3349 3785 3432 apud
3829 3349 4100 3416 Graecos

1248 3445 1389 3511 Dea
1430 3446 1842 3522 Ltucornrs3
1906 3447 2085 3509 Bon
2128 3447 2302 3526 DrA3
2365 3446 2567 3534 Mtssu
2605 3468 2843 3512 orans
2896 3461 2958 3511 et
2998 3449 3176 3524 aiiae.

1588 3554 1985 3620 “Leucothee'
2026 3557 2264 3637 Graiis,
2321 3557 2568 3622 Matuta
2610 3563 2915 3626 vocabere
2960 3561 3210 3628 nostris.

1672 3662 1750 3723 In
1794 3674 2013 3742 portus
2054 3677 2201 3729 nato
2244 3671 2341 3742 jus
2383 3664 2504 3728 erit
2546 3683 2731 3728 omne
2771 3667 2946 3728 tuo.“

3024 3744 3214 3840 Ovm„
3255 3747 3500 3816 Fastor-
3544 3749 3689 3818 Lib.
3717 3752 3831 3818 vl.
3874 3753 4103 3820 mus.

1427 3854 1502 3940 2)
2249 3860 2586 3925 “Lesbiam
2630 3858 2860 3924 adduci
2898 3860 3100 3937 jubes.

1586 3957 1749 4020 Sane
1794 3964 1900 4042 pol
1943 3963 2051 4026 illa
2091 3970 2430 4032 temulenta
2471 3980 2564 4031 est
2603 3968 2830 4029 mulier
2869 3977 2931 4027 et
2976 3965 3331 4042 temeraria,

1584 4062 1717 4125 Nec
1772 4067 1918 4129 satis
1977 4065 2201 4148 digna,
2267 4072 2368 4132 cui
2430 4071 2774 4136 committas
2817 4069 3021 4154 primo
3079 4080 3263 4151 partu
3327 4068 3726 4133 mulierem:“

2963 4172 3239 4234 Trnmwr.
3285 4168 3524 4233 Andria
3575 4174 3714 4235 Act.
3737 4171 3788 4232 1.
3828 4170 4011 4235 Secu.
4034 4175 4099 4235 4.

1589 4269 1863 4332 Pan-01.
1905 4270 2230 4336 Theaetet.
2289 4273 2460 4339 Part.
2485 4275 2566 4339 11.
2608 4274 2760 4336 Vol.
2792 4275 2841 4338 1.
2891 4295 3032 4357 pag.
3068 4279 3187 4334 190
3230 4285 3292 4336 et
3335 4294 3465 4356 seq.
3525 4274 3783 4337 edition.
3825 4273 4102 4339 Bekker.

1594 4371 1765 4435 Berl.
1817 4379 1999 4437 1817.
2041 4371 2101 4439 oi
3489 4433 3520 4462 ,

1425 4471 1496 4556 3)
1553 4470 1654 4540 “0
1695 4472 1989 4556 ridicule,
2046 4477 2319 4544 audistin
2377 4500 2510 4545 esse
2554 4501 2651 4544 me
2706 4471 2906 4544 filium
2962 4481 3306 4548 obstetricis
3361 4497 3699 4563 generosae
3756 4478 4097 4546 admodum

1584 4579 1868 4664 acrisque
1913 4593 1972 4643 et
2015 4594 2266 4663 torvae,
2331 4581 2847 4651 Phaenaretae“?

2525 4731 2534 4740 .
2595 4693 2871 4756 Pan-on.
2910 4686 3232 4751 Theaetet-
3270 4686 3440 4749 Part.
3468 4686 3551 4748 Π.
3594 4683 3746 4749 vot.
3765 4686 3816 4749 1.
3851 4709 3918 4769 p.
3954 4692 4092 4750 189.
