4784 5917
2603 489 2726 567 tto

1419 697 1661 784 Solet
1719 699 1970 783 ofiani
2030 694 2417 800 evenire,
2437 697 2454 704 '
2477 703 2576 775 ut
2631 693 2709 776 is
2763 692 3052 777 infans
3091 693 3467 778 -hmo're
3528 695 4093 806 distendatur,

1240 870 1515 953 exque
1574 867 1681 924 eo
1736 840 2113 952 profluat
2162 835 2399 921 foedi
2455 833 2753 917 odoris
2811 835 3128 918 sanies.
3251 832 3511 942 Quod
3565 837 3646 919 si
3702 837 3870 921 tale
3929 829 4094 945 esti,

1240 982 1531 1068 indice
1602 981 1871 1092 digito
1940 1009 2258 1091 corpus
2315 976 2531 1062 illud
2604 975 3058 1059 forandum
3115 987 3297 1082 est,
3375 971 3648 1061 effuso
3704 971 4098 1087 humore,

1248 1132 1748 1210 extenuetur
1767 1153 1792 1204 ι
1873 1132 2053 1204 tum
2108 1117 2227 1203 id'
2274 1120 2586 1205 leniter
2651 1147 2810 1231 per
2863 1117 3094 1229 ipsas
3151 1145 3451 1202 manus
3521 1119 4101 1232 recipiendum

1244 1275 1408 1352 est.
1531 1263 1757 1348 Nam
1824 1291 2096 1347 uncus
2166 1235 2541 1375 injectus
2600 1259 2854 1344 facile
2911 1259 3199 1344 hebeti
3270 1260 3781 1371 corpusculo
3839 1259 4101 1346 elabi·

1250 1419 1435 1488 tur:
1520 1405 1610 1487 in
1671 1434 1842 1518 quo
1904 1404 2113 1519 quid
2167 1401 2529 1518 periculi
2588 1401 2751 1509 sit,
2824 1428 3083 1512 supra
3138 1400 3512 1514 positum
3572 1391 3712 1485 est
3739 1383 3871 1517 ¹⁸).
3975 1445 3986 1456 ·

1253 1627 1443 1690 mus,
1492 1605 1723 1700 partes
1783 1599 2108 1698 gem’tales
2158 1597 2397 1674 molles
2444 1595 2978 1672 inflammatione
3025 1610 3168 1668 tam
3221 1612 3556 1694 angustae
3596 1594 3746 1672 fieri
3795 1615 4107 1699 possunt,

1258 1746 1335 1803 ut
1380 1728 1688 1829 operatio
1730 1756 1876 1803 non
1923 1729 2134 1804 modo
2180 1727 2301 1802 fiat
2351 1725 2797 1814 difficillima,
2854 1715 2979 1798 sed
3031 1723 3232 1798 etiam
3283 1726 3565 1800 omnino
3615 1749 3761 1800 non
3810 1727 3900 1802 sit
3948 1747 4108 1829 petz

1261 1856 1592 1948 ficienda,
1644 1859 1739 1931 ita
1789 1883 2064 1958 quoqne
2110 1854 2312 1930 uncis
2378 1854 2666 1930 celerius
2716 1859 2920 1957 atque
2989 1851 3328 1928 incautius
3394 1853 3810 1931 adhibendis
3872 1873 4111 1959 partu-

1260 1984 1580 2086 rientium
1647 1984 1975 2084 genitales
2048 1984 2165 2059 tali
2234 1983 2444 2059 modo
2507 1984 2851 2058 vulnerari
2925 1999 2994 2057 et
3065 1981 3424 2058 dilacerari
3489 2010 3702 2086 posse
3764 1983 3965 2077 dicit,
4035 2003 4112 2062 ιιι

1260 2141 1447 2191 mors
1497 2114 1650 2216 ipsa
1694 2113 1859 2190 inde
1910 2114 2105 2215 sequi
2149 2112 2385 2214 possit.
2488 2114 2687 2212 Quae
2733 2096 2945 2214 quain
2997 2110 3091 2186 ita
3145 2112 3320 2204 sint,
3369 2110 3486 2187 bic
3536 2141 3812 2218 quoque
3861 2116 4113 2191 cautis-

1261 2246 1429 2320 sime
1481 2244 1823 2344 agendum
1842 2301 1863 2334 ,
1920 2244 2402 2318 extractionem
2445 2270 2590 2318 non
2646 2241 3106 2318 festinandam
3156 2269 3304 2318 esse
3355 2260 3619 2334 censet,
3663 2261 3732 2319 et
3780 2261 3888 2333 ut,
3950 2243 4113 2318 dex-

1264 2392 1367 2450 tra
1412 2402 1668 2449 uncum
1718 2374 2076 2474 dirigente,
2125 2373 2470 2454 sinistram
2525 2400 2802 2446 manum
2854 2371 3251 2463 inseramus,
3298 2401 3443 2449 non
3491 2371 3712 2448 solum
3764 2389 3841 2447 ut
3893 2372 4112 2448 foetus

1263 2520 1443 2578 recte
1494 2502 1863 2601 dirigatur,
1928 2504 2052 2579 'sed
2110 2502 2309 2578 etiam
2358 2530 2448 2577 ne
2497 2529 2720 2593 unco,
2788 2502 2849 2576 si
2895 2501 3072 2577 sorte
3122 2498 3465 2591 elabatur,
3528 2517 3745 2575 mater
3784 2501 4114 2591 laedatur,

1266 2627 1470 2702 uobis
1521 2626 1785 2702 suadet.

1474 2755 1606 2849 16.)
1688 2755 2011 2830 Cuneus
2063 2752 2177 2828 hic·
2238 2752 2536 2828 ostendit
2571 2750 2920 2841 modum,
2988 2778 3128 2851 quo
3179 2751 3410 2826 intans
3450 2779 3628 2855 aqua
3667 2752 3986 2854 turgidus
4050 2771 4116 2828 et

1266 2882 1404 2983 jam
1455 2898 1877 2984 putrescens,
1927 2882 2043 2983 qui
2098 2882 2188 2956 ob
2243 2881 2719 2957 distentionem
2768 2878 2934 2955 solis
2983 2896 3268 2954 naturae
3305 2879 3568 2966 viribus
3615 2884 3808 2959 nasci
3856 2883 4124 2986 nequit,

1270 3010 1362 3086 ad
1428 3029 1701 3114 partum
1769 3011 2271 3086 aooemmodari
2335 3010 2575 3113 possit.
2673 3011 2911 3112 Neque
2980 3009 3163 3084 enim
3227 3008 3536 3109 su'giebat
3583 3010 3814 3104 illum,
3873 2997 4112 3087 eadem

1269 3141 1555 3230 ratione,
1606 3167 1743 3241 qua
1788 3137 2343 3245 hydrocephalus
2390 3156 2547 3213 ante
2594 3138 3126 3241 perforationem
3170 3139 3387 3215 cranii
3427 3158 3495 3215 et
3542 3168 3760 3243 aquae
3805 3139 4117 3217 emissio-⁹

1270 3296 1426 3343 nem
1498 3270 1650 3369 ipsa
1713 3266 1972 3369 forcipe
2043 3267 2327 3370 aliisque
2398 3266 2702 3342 artificiis
2752 3267 2904 3370 pari
2971 3286 3301 3370 nequeat,
3368 3269 3463 3343 ita
3506 3270 3707 3346 etiam
3758 3270 3833 3345 in
3882 3287 4114 3346 ventre

1271 3397 1658 3501 hydropico
1721 3412 1874 3469 ante
1940 3396 2329 3480 abdominis
2378 3396 2890 3498 paracentesin,
2971 3440 3068 3456 -
3123 3396 3216 3472 ad
3273 3426 3480 3500 quam
3531 3398 3682 3475 solo
3737 3398 4024 3497 digito'
4001 3427 4112 3472 m·

1274 3527 1424 3601 dice
1473 3553 1667 3599 usus
1660 3537 1798 3597 est
1858 3526 2212 3614 Cuneus,
2278 3569 2377 3586 ·-
2441 3523 2594 3599 fieri
2652 3552 2797 3599 non
2848 3551 3092 3670 posse,
3145 3544 3225 3601 nt
3290 3553 3650 3629 perversus
3716 3525 3923 3617 situs,
3988 3527 4110 3601 ubi

1270 3655 1501 3736 infans
1546 3672 1968 3729 transversus
2019 3652 2521 3754 abdomineque
2575 3651 2733 3753 plus
2779 3638 3090 3729 minusve
3140 3654 3416 3755 praevio
3464 3654 3729 3756 positus
3772 3672 3908 3747 est,
3960 3682 4113 3732 ver·

1272 3786 1465 3861 sio'ne
1529 3771 1775 3864 foetus
1817 3769 1890 3856 in
1952 3780 2168 3884 pedes
2225 3781 2298 3860 in
2367 3781 2742 3862 normalem
2797 3782 3003 3858 situni
3063 3801 3396 3876 mutetur,
3461 3800 3528 3860 et
3576 3784 3670 3858 ita
3712 3802 3951 3888 partus
4019 3785 4116 3862 ad

1272 3914 1477 4004 finem
1544 3901 1981 4004 adducatur,
2032 3910 2156 3985 etsi
2218 3893 2685 3990 adhibeantur
2758 3910 2991 3987 omnia
3059 3911 3401 4002 remedia,
3462 3939 3637 4014 quae
3704 3913 3780 3990 in
3835 3932 4111 4017 praesto

1273 4062 1453 4126 sunt.
1550 4045 1637 4118 ln
1703 3993 2115 4118 extractione
2171 4042 2481 4140 corporis
2543 4069 2730 4116 nunc
2787 4040 3072 4143 collapsi
3134 4040 3366 4117 denno
3413 4041 3777 4118 maximam
3820 4042 4114 4145 diligen-

1270 4174 1430 4247 tiam
1480 4195 1612 4247 nos
1664 4167 2132 4259 commendat,
2188 4184 2392 4270 etque
2458 4193 2668 4274 quum
2737 4197 2957 4245 uncus
3028 4170 3375 4246 immissus
3434 4198 3470 4246 e
3535 4171 3755 4246 foetus
3822 4201 4110 4276 corpore

1271 4330 1449 4406 aqua
1486 4273 1865 4404 putrefacto
1894 4295 2228 4374 facillime
2278 4298 2479 4391 elabi,
2531 4316 2597 4375 et
2640 4299 2842 4375 matri
2888 4328 3138 4375 nocere
3185 4301 3425 4403 possit,
3455 4299 3647 4377 solas
3685 4301 3913 4405 potius
3962 4332 4110 4382 ma-

1268 4458 1401 4506 nus
1452 4429 1765 4522 adbiberi
1829 4429 2098 4514 mavult.
2199 4429 2465 4506 Similia
2528 4429 2862 4534 praecipit
2905 4428 3231 4507 Ai't'rms
3294 4429 3404 4507 bis
3446 4430 3707 4506 verbis.
3762 4432 3900 4507 “At
3946 4460 4108 4510 vero

1259 4559 1326 4634 si
1378 4577 1617 4662 caput,
1648 4558 1763 4636 nl
1808 4577 2052 4638 nutura
2071 4616 2092 4651 ,
2136 4558 2243 4637 vel
2294 4558 2810 4666 hydrocaphala
2855 4557 3221 4635 affectione
3269 4584 3566 4661 aquosa,
3631 4561 3850 4660 magis
3900 4561 4108 4639 tumi-
